<?xml version='1.0' encoding='utf-8'?>
<record xmlns="http://www.loc.gov/MARC21/slim" xmlns:xsi="http://www.w3.org/2001/XMLSchema-instance">
  <leader>00000npcaa22002531?^4500</leader>
  <controlfield tag="001">002742896</controlfield>
  <controlfield tag="005">20110204110726.0</controlfield>
  <controlfield tag="008">940131i19802008miu^^^^^|^^^^^^^^^^^eng^|</controlfield>
  <datafield tag="035" ind1=" " ind2=" ">
    <subfield code="a">(RLIN)MIUV87-A117</subfield>
  </datafield>
  <datafield tag="035" ind1=" " ind2=" ">
    <subfield code="a">(OCoLC)ocm34419364</subfield>
  </datafield>
  <datafield tag="040" ind1=" " ind2=" ">
    <subfield code="a">MiU-H</subfield>
    <subfield code="c">MiU-H</subfield>
    <subfield code="e">appm</subfield>
  </datafield>
  <datafield tag="100" ind1="1" ind2=" ">
    <subfield code="a">Getzan, Bruce.</subfield>
  </datafield>
  <datafield tag="245" ind1="0" ind2="0">
    <subfield code="a">Bruce Getzan papers,</subfield>
    <subfield code="f">1980-2008.</subfield>
  </datafield>
  <datafield tag="300" ind1=" " ind2=" ">
    <subfield code="a">0.3 linear feet.</subfield>
  </datafield>
  <datafield tag="545" ind1=" " ind2=" ">
    <subfield code="a">Member of the research staff of the Michigan Senate Democratic Office, educator, historical researcher.</subfield>
  </datafield>
  <datafield tag="520" ind1=" " ind2=" ">
    <subfield code="a">History of the First District of the Michigan Senate, including list of senators with brief biographical information; also popular vote of elections for senate in district, 1873-1979; research materials gathered for biography of Michigan governor John B. Swainson; collected material concerning history of Denby High School in Detroit.</subfield>
  </datafield>
  <datafield tag="500" ind1=" " ind2=" ">
    <subfield code="a">Donor: 5132</subfield>
  </datafield>
  <datafield tag="600" ind1="1" ind2="0">
    <subfield code="a">Swainson, John B.</subfield>
    <subfield code="q">(John Burley),</subfield>
    <subfield code="d">1925-1994.</subfield>
  </datafield>
  <datafield tag="610" ind1="2" ind2="0">
    <subfield code="a">Denby High School (Detroit, Mich.)</subfield>
  </datafield>
  <datafield tag="610" ind1="2" ind2="0">
    <subfield code="a">Michigan.</subfield>
    <subfield code="b">Legislature.</subfield>
    <subfield code="b">Senate.</subfield>
  </datafield>
  <datafield tag="610" ind1="2" ind2="0">
    <subfield code="a">Michigan.</subfield>
    <subfield code="b">Legislature.</subfield>
    <subfield code="b">Senate</subfield>
    <subfield code="x">Election districts</subfield>
    <subfield code="x">First.</subfield>
  </datafield>
  <datafield tag="651" ind1=" " ind2="0">
    <subfield code="a">Wayne County (Mich.)</subfield>
    <subfield code="x">Politics and government.</subfield>
  </datafield>
  <datafield tag="852" ind1="8" ind2=" ">
    <subfield code="a">MiU-H</subfield>
    <subfield code="b">BENT</subfield>
    <subfield code="h">87117 Aa 2</subfield>
  </datafield>
  <datafield tag="998" ind1=" " ind2=" ">
    <subfield code="s">9554</subfield>
  </datafield>
  <datafield tag="955" ind1=" " ind2=" ">
    <subfield code="b">BENT</subfield>
    <subfield code="p">B1057917</subfield>
  </datafield>
</record>
